-----------------------------------------------------------
Papers on Text simplification
-----------------------------------------------------------

@InProceedings{coster-kauchak:2011:T2TW-2011,
  author    = {Coster, Will  and  Kauchak, David},
  title     = {Learning to Simplify Sentences Using Wikipedia},
  booktitle = {Proceedings of the Workshop on Monolingual Text-To-Text Generation},
  month     = {June},
  year      = {2011},
  address   = {Portland, Oregon},
  publisher = {Association for Computational Linguistics},
  pages     = {1--9},
  url       = {http://www.aclweb.org/anthology/W11-1601}
}

@article{Siddharthan2006,
	author={Siddharthan, Advaith},
	year={2006},
	issn={1570-7075},
	journal={Research on Language and Computation},
	volume={4},
	number={1},
	doi={10.1007/s11168-006-9011-1},
	title={Syntactic Simplification and Text Cohesion},
	url={http://dx.doi.org/10.1007/s11168-006-9011-1},
	publisher={Springer Netherlands},
	keywords={anaphoric structure; cue-word selection; determiner choice; discourse structure; sentence ordering; syntactic simplification; text cohesion},
	pages={77-109},
	language={English}
}

-----------------------------------------------------------
Papers on text compression
-----------------------------------------------------------



@article{Clarke:2008:GIS:1622655.1622667,
 author = {Clarke, James and Lapata, Mirella},
 title = {Global Inference for Sentence Compression an Integer Linear Programming Approach},
 journal = {J. Artif. Int. Res.},
 issue_date = {January 2008},
 volume = {31},
 number = {1},
 month = mar,
 year = {2008},
 issn = {1076-9757},
 pages = {399--429},
 numpages = {31},
 url = {http://dl.acm.org/citation.cfm?id=1622655.1622667},
 acmid = {1622667},
 publisher = {AI Access Foundation},
 address = {USA},
}

@article{Clarke:2010:DCD:1950488.1950493,
 author = {Clarke, James and Lapata, Mirella},
 title = {Discourse Constraints for Document Compression},
 journal = {Comput. Linguist.},
 issue_date = {September 2010},
 volume = {36},
 number = {3},
 month = sep,
 year = {2010},
 issn = {0891-2017},
 pages = {411--441},
 numpages = {31},
 url = {http://dx.doi.org/10.1162/coli_a_00004},
 doi = {10.1162/coli_a_00004},
 acmid = {1950493},
 publisher = {MIT Press},
 address = {Cambridge, MA, USA},
}


-----------------------------------------------------------
Papers on Paraphrase / Text fusion
-----------------------------------------------------------

@inproceedings{Filippova:2008:SFV:1613715.1613741,
 author = {Filippova, Katja and Strube, Michael},
 title = {Sentence Fusion via Dependency Graph Compression},
 booktitle = {Proceedings of the Conference on Empirical Methods in Natural Language Processing},
 series = {EMNLP '08},
 year = {2008},
 location = {Honolulu, Hawaii},
 pages = {177--185},
 numpages = {9},
 url = {http://dl.acm.org/citation.cfm?id=1613715.1613741},
 acmid = {1613741},
 publisher = {Association for Computational Linguistics},
 address = {Stroudsburg, PA, USA},
}

@inproceedings{Regneri:2012:UDI:2390948.2391048,
 author = {Regneri, Michaela and Wang, Rui},
 title = {Using Discourse Information for Paraphrase Extraction},
 booktitle = {Proceedings of the 2012 Joint Conference on Empirical Methods in Natural Language Processing and Computational Natural Language Learning},
 series = {EMNLP-CoNLL '12},
 year = {2012},
 location = {Jeju Island, Korea},
 pages = {916--927},
 numpages = {12},
 url = {http://dl.acm.org/citation.cfm?id=2390948.2391048},
 acmid = {2391048},
 publisher = {Association for Computational Linguistics},
 address = {Stroudsburg, PA, USA},
}





-----------------------------------------------------------
Papers on Learning Paraphrases
-----------------------------------------------------------



@INPROCEEDINGS{lin2001,
    author = {Dekang Lin and Patrick Pantel},
    title = {{DIRT} - {D}iscovery of {I}nference {R}ules from {T}ext},
    booktitle = {Proceedings of the ACM SIGKDD Conference on Knowledge 	Discovery and Data Mining (KDD-01)},
    year = {2001},
    pages = {323--328},
    address = {San Francisco, CA}
}

@INPROCEEDINGS{szpektor2004,
    author = {Idan Szpektor and Hristo Tanev and Ido Dagan and Bonaventura Coppola},
    title = {Scaling Web-based Acquisition of Entailment Relations},
    booktitle = {Conference on Empirical Methods in Natural Language Processing (EMNLP-04)},
    year = {2004},
    pages = {41--48},
    address = {Barcelona, Spain}
}


-----------------------------------------------------------
Papers on Learning Directionality of Paraphrases
-----------------------------------------------------------

@INPROCEEDINGS{pantel2007,
    author = {Patrick Pantel and Rahul Bhagat and Bonaventura Coppola and Timothy Chklovski and Eduard Hovy},
    title = {{ISP}: {L}earning {I}nferential {S}electional {P}references},
    booktitle = {Proceedings of North American Association for Computational Linguistics / Human Language Technology (NAACL HLT 07)},
    year = {2007},
    pages = {564--571},
    address = {Rochester, NY}
}

@INPROCEEDINGS{bhagat2007,
	author = {Rahul Bhagat and Patrick Pantel and Eduard Hovy},
	title = {{LEDIR}: An {U}nsupervised {A}lgorithm for {L}earning {D}irectionality of {I}nference {R}ules},
	booktitle = {Proceedings of Conference on Empirical Methods in Natural Language Processing (EMNLP-07)},
	year = {2007},
	pages = {161--170},
	address = {Prague, Czech Republic}
}